<?xml version="1.0" encoding="UTF-8"?><collection xmlns="http://www.loc.gov/MARC21/slim"><record><leader>00406nam--2200145-i-4500</leader><controlfield tag="001">000007161</controlfield><controlfield tag="002">20161230</controlfield><controlfield tag="005">20170305192820</controlfield><controlfield tag="008">060222s1000------------r-----000-0-eng-d</controlfield><datafield ind1=" " ind2=" " tag="100"><subfield code="a">Courvoisier, Pierre</subfield></datafield><datafield ind1=" " ind2=" " tag="245"><subfield code="a">Effet isotopique dans l adsorption physique</subfield></datafield><datafield ind1=" " ind2=" " tag="260"><subfield code="a">Saclay</subfield><subfield code="b">Centre D Etudes Nucleaires</subfield><subfield code="c">1965</subfield></datafield><datafield ind1=" " ind2=" " tag="300"><subfield code="a">18 p.+9 Fig</subfield></datafield><datafield ind1=" " ind2=" " tag="490"><subfield code="a">Series Bibliographies</subfield></datafield><datafield ind1=" " ind2=" " tag="CAT"><subfield code="a">SYS</subfield><subfield code="c">20170305</subfield><subfield code="h">192820</subfield></datafield></record></collection>